<?xml version="1.0" encoding="UTF-8"?><collection xmlns="http://www.loc.gov/MARC21/slim"><record><leader>00473nam--2200157-i-4500</leader><controlfield tag="001">000036929</controlfield><controlfield tag="002">20161230</controlfield><controlfield tag="005">20161230201041</controlfield><controlfield tag="008">060222s1000------------r-----000-0-eng-d</controlfield><datafield ind1=" " ind2=" " tag="080"><subfield code="a">517.392:517.512</subfield></datafield><datafield ind1=" " ind2=" " tag="100"><subfield code="a">Popovici,Tiberiu</subfield></datafield><datafield ind1=" " ind2=" " tag="245"><subfield code="a">Analiza numerica. notiuni introductive de calcul aproximativ</subfield></datafield><datafield ind1=" " ind2=" " tag="260"><subfield code="a">Bucuresti,Ed.Acad.Rsr.,1975.233p</subfield></datafield><datafield ind1=" " ind2=" " tag="490"><subfield code="a">Teoria Calculului,Analiza Numerica Si Informatica</subfield></datafield><datafield ind1=" " ind2=" " tag="852"><subfield code="a">42644</subfield><subfield code="c">517.5</subfield></datafield><datafield ind1=" " ind2=" " tag="CAT"><subfield code="a">Sys</subfield><subfield code="c">20080806</subfield><subfield code="h">115823</subfield></datafield></record></collection>